
%ARTICLE


@ARTICLE{Ait-83,
     AUTHOR = "Aitchison, J.M.",
     TITLE = "Percolation in gently sloping beaches",
     JOURNAL = "IMA J. Appl. Math.",
     VOLUME = 33,
     PAGES = "17--31",
     YEAR = 1984 }
%--------------------

@ARTICLE{Han-15,
     AUTHOR = "Han Yu, a
, Shanhe Jiang, b",
     TITLE = "Multicollinearity in hierarchical linear models",
     JOURNAL = "Social Science Research",
     VOLUME = 53,
     PAGES = "118--136",
     YEAR = 2015 }



%-----------------
@ARTICLE{Bar-62,
     AUTHOR = "Barenblatt, G.I. and Salganik, R.L. and Cherepanov, G.P.",
     TITLE = "On the nonsteady motion of cracks",
     JOURNAL = "PMM Applied Mathematics and Mechanics",
     VOLUME = "26",
     PAGES = "469--477",
     YEAR = "1962" }

@BOOK{Bat-67,
     AUTHOR = "Batchelor, G.K.",
     TITLE = "An Introduction to Fluid Mechanics",
     PUBLISHER = "Cambridge University Press",
     YEAR = 1967 }
%-------------





%BOOK
%-------------------
@BOOK{charles-12,
     AUTHOR = "Denlinger, C.G.",
     TITLE = "Element of Real Analysis",
     PUBLISHER = "Jones nd Barlett Publishers",
     YEAR = 2012 }
%---------------------------
@BOOK{steven-14,
     AUTHOR = "Steven, R. L.",
     TITLE = "Analysis with an introduction to prove",
     PUBLISHER = "Pearson",
     YEAR = 2014 }
 
 %-----------------------------
 @BOOK{nor-14,
     AUTHOR = "Mohd Nor Syafii.",
     TITLE = " Economic Analysis with an introduction to prove",
     PUBLISHER = "Pearson",
     YEAR = 2014 }
 
 
 
 
 %PROCEEDING
 
%--------------
@PROCEEDINGS{Bos-85,
     EDITOR = "Bossavit, A. and Damlamian, A. and Fr{\'{e}}mond, M ",
     TITLE = "Free Boundary Problems: Applications and Theory, Pitman
                  Research Notes Math.",
     PUBLISHER = "Pitman",
     ADDRESS = "London",
     YEAR = 1985,
     VOLUME = "120,121"  }
     
%-----------------------




%Unpublished
%---------------------------
@Unpublished{Cum-97,
  author =       "Cummings, L.",
  title =        "The three cylinder problem in {H}ele--{S}haw Flow",
  note =         "private communication",
  year =         1997
}




%PHDTHESIS
%-------------------------------

@PHDTHESIS{jy-04,
     AUTHOR = "Jusoh Yacob.",
     TITLE = "Solitary solution for Equations of KdV type",
     YEAR = 2004,
     SCHOOL = "UTM"  }
     %-----------------------
 @PHDTHESIS{Gil-98p,
     AUTHOR = "Gillow, K.A.",
     TITLE = "Codimension-two free boundary problems",
     YEAR = 1998,
     SCHOOL = "Oxford"  }    
     
     
     